@ARTICLE{FStrugar,
  author={Filip Strugar},
  journal={Journal of Graphics GPU and Game Tools}, 
  title={Continuous Distance-Dependent Level of Detail for Rendering Heightmaps}, 
  month={July}, 
  year={2010},
  note={url : https://github.com/fstrugar/CDLOD/blob/master/cdlod\_paper\_latest.pdf},
}

@misc{libnoisewebsite,
    author = "Jason Bevins",
    title = "Complex planetary surface",
    url  = "http://libnoise.sourceforge.net/examples/complexplanet/index.html",
    addendum = "(accessed: 05/03/2022)",
}